@article{sokkhey2020developing,
  title={Developing web-based support systems for predicting poor-performing students using educational data mining techniques},
  author={Sokkhey, Phauk and Okazaki, Takeo},
  journal={studies},
  volume={11},
  number={7},
  year={2020}
}

@article{akccapinar2019using,
  title={Using learning analytics to develop early-warning system for at-risk students},
  author={Ak{\c{c}}ap{\i}nar, G{\"o}khan and Altun, Arif and A{\c{s}}kar, Petek},
  journal={International Journal of Educational Technology in Higher Education},
  volume={16},
  number={1},
  pages={1--20},
  year={2019},
  publisher={SpringerOpen}
}

@article{romero2010educational,
  title={Educational data mining: a review of the state of the art},
  author={Romero, Crist{\'o}bal and Ventura, Sebasti{\'a}n},
  journal={IEEE Transactions on Systems, Man, and Cybernetics, Part C (Applications and Reviews)},
  volume={40},
  number={6},
  pages={601--618},
  year={2010},
  publisher={Ieee}
}

@article{namoun2021predicting,
  title={Predicting Student Performance Using Data Mining and Learning Analytics Techniques: A Systematic Literature Review},
  author={Namoun, Abdallah and Alshanqiti, Abdullah},
  journal={Applied Sciences},
  volume={11},
  number={1},
  pages={237},
  year={2021},
  publisher={Multidisciplinary Digital Publishing Institute}
}

@article{romero2020educational,
  title={Educational data mining and learning analytics: An updated survey},
  author={Romero, Cristobal and Ventura, Sebastian},
  journal={Wiley Interdisciplinary Reviews: Data Mining and Knowledge Discovery},
  volume={10},
  number={3},
  pages={e1355},
  year={2020},
  publisher={Wiley Online Library}
}

@inproceedings{khalil2015learning,
  title={Learning analytics: principles and constraints},
  author={Khalil, Mohammad and Ebner, Martin},
  booktitle={EdMedia+ Innovate Learning},
  pages={1789--1799},
  year={2015},
  organization={Association for the Advancement of Computing in Education (AACE)}
}

@inproceedings{nunes2016learning,
  title={Learning Analytics como ferramenta para a an{\'a}lise do desempenho dos alunos em Cursos Semipresenciais},
  author={Nunes, Isabel and Silva, Wesley Marques and Laisa, J{\'e}ssica and Ugulino, Fabiano and Lucena, M{\'a}rcia},
  booktitle={Brazilian Symposium on Computers in Education (Simp{\'o}sio Brasileiro de Inform{\'a}tica na Educa{\c{c}}{\~a}o-SBIE)},
  volume={27},
  number={1},
  pages={280},
  year={2016}
}

@inproceedings{arnold2012course,
  title={Course signals at Purdue: Using learning analytics to increase student success},
  author={Arnold, Kimberly E and Pistilli, Matthew D},
  booktitle={Proceedings of the 2nd international conference on learning analytics and knowledge},
  pages={267--270},
  year={2012}
}

@misc{solar11,
    author = {Society for Learning Analytics Research},
    title = {What is Learning Analytics?},
    year={2011},
    howpublished={\url{https://www.solaresearch.org/about/what-is-learning-analytics/}}
}

@misc{camilloo2010interaccao,
  title={Intera{\c{c}}{\~a}o no componente on-line de cursos semipresenciais: um estudo de caso},
  author={CAMILLO, Rog{\'e}ria Dias},
  year={2010},
  publisher={Rio de Janeiro: UFRJ/Faculdade de Letras/Programa Interdisciplinar de P{\'o}s~…}
}

@article{linan2015educational,
  title={Educational Data Mining and Learning Analytics: differences, similarities, and time evolution},
  author={Li{\~n}{\'a}n, Laura Calvet and P{\'e}rez, {\'A}ngel Alejandro Juan},
  journal={International Journal of Educational Technology in Higher Education},
  volume={12},
  number={3},
  pages={98--112},
  year={2015},
  publisher={Springer}
}

@book{bramer2007principles,
  title={Principles of data mining},
  author={Bramer, Max},
  volume={180},
  year={2007},
  publisher={Springer}
}

@article{gomes2019classificaccao,
  title={Classifica{\c{c}}{\~a}o dos tipos de pesquisa em Inform{\'a}tica na Educa{\c{c}}{\~a}o},
  author={Gomes, Alex Sandro and Gomes, Claudia Roberta Ara{\'u}jo},
  journal={Jaques, Patr{\'\i}cia Augustin; Pimentel, Mariano; Siqueira; Sean; Bittencourt, Ig.(Org.) Metodologia de Pesquisa em Inform{\'a}tica na Educa{\c{c}}{\~a}o: Concep{\c{c}}{\~a}o da Pesquisa. Porto Alegre: SBC},
  year={2019}
}

@article{cechinel2020mineraccao,
  title={Minera{\c{c}}{\~a}o de dados educacionais: avalia{\c{c}}{\~a}o e interpreta{\c{c}}{\~a}o de modelos de classifica{\c{c}}{\~a}o},
  author={Cechinel, Cristian and da Silva Camargo, Sandro},
  journal={JAQUES, Patr{\'\i}cia Augustin; SIQUEIRA; Sean; BITTENCOURT, Ig; PIMENTEL, Mariano.(Org.) Metodologia de Pesquisa Cient{\'\i}fica em Inform{\'a}tica na Educa{\c{c}}{\~a}o: Abordagem Quantitativa. Porto Alegre: SBC},
  year={2020}
}

@article{jokhan2019early,
  title={Early warning system as a predictor for student performance in higher education blended courses},
  author={Jokhan, Anjeela and Sharma, Bibhya and Singh, Shaveen},
  journal={Studies in Higher Education},
  volume={44},
  number={11},
  pages={1900--1911},
  year={2019},
  publisher={Taylor \& Francis}
}

@article{pinkus2008using,
  title={Using early-warning data to improve graduation rates: Closing cracks in the education system},
  author={Pinkus, Lyndsay},
  journal={Washington, DC: Alliance for Excellent Education},
  year={2008}
}

@book{larose2006data,
  title={Data mining methods \& models},
  author={Larose, Daniel T},
  year={2006},
  publisher={John Wiley \& Sons}
}

@article{arnold2010signals,
  title={Signals: Applying academic analytics.},
  author={Arnold, Kimberly E},
  journal={Educause Quarterly},
  volume={33},
  number={1},
  pages={n1},
  year={2010},
  publisher={ERIC}
}

@article{shi2014developing,
  title={Developing early warning systems to predict students’ online learning performance.},
  author={Ya-Han Hu, Chia-Lun Lo, Sheng-Pao Shih},
  journal={Computers in Human Behavior},
  volume={36},
  pages={469-478},
  year={2014}
}

@incollection{singh2021building,
  title={Building effective blended learning programs},
  author={Singh, Harvey},
  booktitle={Challenges and Opportunities for the Global Implementation of E-Learning Frameworks},
  pages={15--23},
  year={2021},
  publisher={IGI Global}
}

@article{soule2017predicting,
  title={Predicting student success: A logistic regression analysis of data from multiple siu-c courses},
  author={Soule, Patrick},
  journal={Carbondale. OpenSIUC},
  year={2017}
}

@article{nelder1972generalized,
  title={Generalized linear models},
  author={Nelder, John Ashworth and Wedderburn, Robert WM},
  journal={Journal of the Royal Statistical Society: Series A (General)},
  volume={135},
  number={3},
  pages={370--384},
  year={1972},
  publisher={Wiley Online Library}
}

@article{lopes2007ambientes,
  title={Ambientes virtuais de aprendizagem no contexto do ensino presencial: uma abordagem reflexiva},
  author={Lopes, Ant{\'o}nio Marcelino and Gomes, Maria Jo{\~a}o},
  year={2007},
  publisher={Universidade do Minho. Centro de Compet{\^e}ncia TIC (CCTIC UM)}
}

@article{de2021ensino,
  title={O ensino h{\'\i}brido no Brasil ap{\'o}s pandemia do covid-19},
  author={de Oliveira, Muriel Batista and Silva, Luiz Claudio Tavares and Canazaro, Joelmir Vinhoza and Carvalhido, Maria Luiza Lacerda and Souza, R{\^o}mulo Rodrigues Coelho Delfino and Neto, Jamil Bussade and Rangel, Daniele Periss{\'e} and de Menezes Pelegrini, Jos{\'e} Fernando},
  journal={Brazilian Journal of Development},
  volume={7},
  number={1},
  pages={918--932},
  year={2021}
}

@book{bacich2015ensino,
  title={Ensino h{\'\i}brido: personaliza{\c{c}}{\~a}o e tecnologia na educa{\c{c}}{\~a}o},
  author={Bacich, Lilian and Neto, Adolfo Tanzi and de Mello Trevisani, Fernando},
  year={2015},
  publisher={Penso Editora}
}

@article{pimentel2019design,
  title={Design Science Research: fazendo pesquisas cient{\'\i}ficas rigorosas atreladas ao desenvolvimento de artefatos computacionais projetados para a educa{\c{c}}{\~a}o},
  author={Pimentel, Mariano and Filippo, Denise and Santoro, Fl{\'a}via Maria},
  journal={Metodologia de Pesquisa em Inform{\'a}tica na Educa{\c{c}}{\~a}o: Concep{\c{c}}{\~a}o da Pesquisa. Porto Alegre: SBC},
  year={2019}
}